<record><leader>00000cas a22000007a 4500</leader><controlfield tag="001">18676208</controlfield><controlfield tag="008">881027c19369999okuwr ne      0    0eng d</controlfield><datafield ind1=" " ind2=" " tag="010"><subfield code="a">sn 88084290 </subfield></datafield><datafield ind1=" " ind2=" " tag="040"><subfield code="a">PPM</subfield><subfield code="b">eng</subfield><subfield code="c">PPM</subfield><subfield code="d">OBN</subfield><subfield code="d">OCL</subfield><subfield code="d">OCLCQ</subfield><subfield code="d">OCLCO</subfield></datafield><datafield ind1="1" ind2=" " tag="029"><subfield code="a">AU@</subfield><subfield code="b">000020533134</subfield></datafield><datafield ind1=" " ind2=" " tag="042"><subfield code="a">msc</subfield></datafield><datafield ind1=" " ind2=" " tag="043"><subfield code="a">n-us-ok</subfield></datafield><datafield ind1="0" ind2="0" tag="245"><subfield code="a">Northwest Oklahoman and Ellis County news.</subfield></datafield><datafield ind1=" " ind2=" " tag="260"><subfield code="a">Shattuck, Ellis County, Okla. :</subfield><subfield code="b">C.C. Colbert</subfield></datafield><datafield ind1=" " ind2=" " tag="300"><subfield code="a">v.</subfield></datafield><datafield ind1=" " ind2=" " tag="310"><subfield code="a">Weekly</subfield></datafield><datafield ind1="0" ind2=" " tag="362"><subfield code="a">Vol. 7, no. 10 = v. 21, no. 29 (Sept. 4, 1936)-</subfield></datafield><datafield ind1=" " ind2="0" tag="651"><subfield code="a">Shattuck (Okla.)</subfield><subfield code="v">Newspapers.</subfield></datafield><datafield ind1=" " ind2="0" tag="651"><subfield code="a">Ellis County (Okla.)</subfield><subfield code="v">Newspapers.</subfield></datafield><datafield ind1=" " ind2=" " tag="752"><subfield code="a">United States</subfield><subfield code="b">Oklahoma</subfield><subfield code="c">Ellis</subfield><subfield code="d">Shattuck.</subfield></datafield><datafield ind1="0" ind2="4" tag="780"><subfield code="t">Northwest Oklahoman</subfield><subfield code="w">(DLC)sn 94061247</subfield><subfield code="w">(OCoLC)31284081</subfield></datafield><datafield ind1="0" ind2="4" tag="780"><subfield code="t">Ellis County news Shattuck, Okla. : 1917)</subfield><subfield code="w">(DLC)sn 86064133</subfield><subfield code="w">(OCoLC)13646137</subfield></datafield></record>